% Encoding: UTF-8

@Book{NIMA-TR-8350-2,
  title       = {Department of Defense World Geodetic System 1984},
  publisher   = {National Imagery and Mapping Agency, TR-8350.2},
  year        = {2000},
  institution = {National Imagery and Mapping Agency},
}

@Book{Padfield2007,
  title     = {Helicopter Flight Dynamics: The Theory and Application of Flying Qualities and Simulation Modelling},
  publisher = {Blackwell Publishing},
  year      = {2007},
  author    = {Gareth D. Padfield},
}

@Book{Sibilski2004,
  title     = {Modelowanie i symulacja dynamiki ruchu obiektow latajacych},
  publisher = {Oficyna Wydawnicza MH},
  year      = {2004},
  author    = {Krzysztof Sibilski},
}

@Article{Zhu1994,
  author  = {Jijie Zhu},
  title   = {Conversion of Earth-centered Earth-fixed coordinates to geodetic coordinate},
  journal = {IEEE Transactions on Aerospace \& Electronic Systems},
  year    = {1994},
}

@Book{Taylor2005,
  title     = {Classical Mechanics},
  publisher = {University Science Books},
  year      = {2005},
  author    = {John R. Taylor},
}

@Book{Osinski1997,
  title     = {Mechanika ogolna},
  publisher = {Wydawnictwo Naukowe PWN},
  year      = {1997},
  author    = {Zbigniew Osinski},
}

@Book{Leyko2002,
  title     = {Mechanika ogolna. Tom 2: Dynamika},
  publisher = {Wydawnictwo Naukowe PWN},
  year      = {2002},
  author    = {Jerzy Leyko},
}

@Book{Allerton2009,
  title     = {Principles of Flight Simulation},
  publisher = {John Wiley and Sons},
  year      = {2009},
  author    = {David Allerton},
}

@Book{StevensLewis1992,
  title     = {Aircraft Control and Simulation},
  publisher = {John Wiley and Sons},
  year      = {1992},
  author    = {Brian L. Stevens and Frank L. Lewis},
}

@Book{Press2007,
  title     = {Numerical Recipes: The Art of Scientific Computing},
  publisher = {Cambridge University Press},
  year      = {2007},
  author    = {William H. Press and Saul A. Teukolsky and William T. Vetterling and Brain P. Flannery},
}

@Book{Krupowicz1986,
  title     = {Metody numeryczne zagadnien poczatkowych rownan rozniczkowych zwyczajnych},
  publisher = {Wydawnictwo Naukowe PWN},
  year      = {1986},
  author    = {Andrzej Krupowicz},
}

@Book{BaronPiatek2004,
  title     = {Metody numeryczne w C++ Builder},
  publisher = {Helion},
  year      = {2004},
  author    = {Bernard Baron and Lukasz Piatek},
}

@Book{NASA-TM-X-74335,
  title     = {U.S. Standard Atmosphere 1976},
  publisher = {National Oceanic and Atmospheric Administration, National Aeronautics and Space Administration, TM-X-74335},
  year      = {1976},
}

@Book{ISO-1151-1-1988,
  title     = {Flight dynamic - Concepts, quantities and symbols - Part 1: Aircraft motion relative to the air},
  publisher = {International Organization for Standardization, ISO 1151-1:1988},
  year      = {1988},
}

@Book{Etkin1972,
  title     = {Dynamics of Atmospheric Flight},
  publisher = {John Wiley and Sons},
  year      = {1972},
  author    = {Bernard Etkin},
}

@Book{GessowMyers1985,
  title     = {Aerodynamics of the Helicopter},
  publisher = {Frederick Ungar Publishing},
  year      = {1985},
  author    = {Alfred Gessow and Garry C. Myers},
}

@Book{Stepniewski1984,
  title     = {Rotary-Wing Aerodynamics. Volume I: Basic Theories of Rotor Aerodynamics},
  publisher = {Dover Publications},
  year      = {1984},
  author    = {Wieslaw Z. Stepniewski},
}

@Book{Bramwell2001,
  title     = {Bramwell's Helicopter Dynamics},
  publisher = {Butterworth-Heinemann},
  year      = {2001},
  author    = {A. R. S. Bramwell and George Done and David Balmford},
}

@Book{NASA-TT-F-494,
  title     = {Helicopters: Calculation and Design. Volume 1: Aerodynamics},
  publisher = {National Aeronautics and Space Administration, TT-F-494},
  year      = {1967},
  author    = {M. L. Mil and A. V. Nekrasov and A. S. Braverman and L. N. Grodko and M. A. Leykand},
}

@Book{ORourke1998,
  title     = {Computational Geometry in C},
  publisher = {Cambridge University Press},
  year      = {1998},
  author    = {Joseph O'Rourke},
}

@Book{ResnickHalliday2011,
  title     = {Fundamentals of Physics},
  publisher = {John Wiley and Sons},
  year      = {2011},
  author    = {David Halliday and Robert Resnick and Jearl Walker},
}

@Book{Studzinski1980,
  title     = {Samochod. Teoria, konstrukcja i obliczenia},
  publisher = {Wydawnictwo Komunikacji i Lacznosci},
  year      = {1980},
  author    = {Kazimierz Studzinski},
}

@Book{HousnerHudson1980,
  title     = {Applied Mechanics: Dynamics},
  publisher = {Division of Engineering. California Institute of Technology},
  year      = {1980},
  author    = {George W. Housner and Donald E. Hudson},
}

@Book{Raymer1992,
  title     = {Aircraft Design: A Conceptual Approach},
  publisher = {American Institute of Aeronautics and Astronautics},
  year      = {1992},
  author    = {Daniel P. Raymer},
}

@Book{Torenbeek1982,
  title     = {Synthesis of Subsonic Airplane Design},
  publisher = {Delft University Press},
  year      = {1982},
  author    = {Egbert Torenbeek},
}

@Book{Galinski2016,
  title     = {Wybrane zagadnienia projektowania samolotow},
  publisher = {Wydawnictwa Naukowe Instytutu Lotnictwa},
  year      = {2016},
  author    = {Cezary Galinski},
}

@Book{NASA-TM-102267,
  title     = {A Flight-Dynamic Helicopter Mathematical Model with a Single Flap-Lag-Torsion Main Rotor},
  publisher = {National Aeronautics and Space Administration, TM-102267},
  year      = {1990},
  author    = {M. D. Takahashi},
}

@Comment{jabref-meta: databaseType:bibtex;}
